
@book{gathmann_understanding_2004,
	title = {Understanding {Changes} in {Relative} {Wages} during {East} {Germany}’s {Transition}’},
	url = {http://www.iza.org/conference_files/iza_ebrd_2005/gathmann_c1455.pdf},
	urldate = {2016-12-27},
	publisher = {Stanford University},
	author = {Gathmann, Christina},
	year = {2004},
	file = {[PDF] iza.org:/Users/Christian/Library/Application Support/Zotero/Profiles/qmv4selu.default/zotero/storage/CN5QB358/Gathmann - 2004 - Understanding Changes in Relative Wages during Eas.pdf:application/pdf}
}

@article{orlowski_east_2009,
	title = {The {East} {German} wage structure after transition1},
	volume = {17},
	url = {http://onlinelibrary.wiley.com/doi/10.1111/j.1468-0351.2009.00367.x/full},
	number = {4},
	urldate = {2016-12-27},
	journal = {Economics of Transition},
	author = {Orlowski, Robert and Riphahn, Regina T.},
	year = {2009},
	pages = {629--659},
	file = {[PDF] psu.edu:/Users/Christian/Library/Application Support/Zotero/Profiles/qmv4selu.default/zotero/storage/37J6DAKP/Orlowski und Riphahn - 2009 - The East German wage structure after transition1.pdf:application/pdf;Snapshot:/Users/Christian/Library/Application Support/Zotero/Profiles/qmv4selu.default/zotero/storage/36SI4BFW/full.html:text/html}
}

@article{vortmann_zur_2013,
	title = {Zur {Entwicklung} der {Preisniveaus} in {Ost}-und {Westdeutschland}},
	url = {https://www.researchgate.net/profile/Jan_Goebel/publication/256050760_Zur_Entwicklung_Der_Preisniveaus_in_Ost-_Und_Westdeutschland_Zugleich_Eine_Dokumentation_Verschiedener_Preisniveau-Zeitreihen_Fr_Das_Geteilte_Und_Fr_Das_Vereinigte_Deutschland_(Development_of_the_Price_Level_in_East_and_West_Germany_Documentation_of_Different_Price_Level_Time_Series_for_Divided_and_Unified_Germany)/links/00463529efce644ba4000000.pdf},
	urldate = {2016-12-28},
	author = {Vortmann, Heinz and Goebel, Jan and Krause, Peter and Wagner, Gert G.},
	year = {2013},
	file = {[PDF] researchgate.net:/Users/Christian/Library/Application Support/Zotero/Profiles/qmv4selu.default/zotero/storage/FM6U4XZ6/Vortmann et al. - 2013 - Zur Entwicklung der Preisniveaus in Ost-und Westde.pdf:application/pdf}
}

@techreport{topel_specific_1990,
	title = {Specific capital, mobility, and wages: {Wages} rise with job seniority},
	shorttitle = {Specific capital, mobility, and wages},
	url = {http://www.nber.org/papers/w3294},
	urldate = {2016-12-28},
	institution = {National Bureau of Economic Research},
	author = {Topel, Robert H.},
	year = {1990},
	file = {[PDF] free.fr:/Users/Christian/Library/Application Support/Zotero/Profiles/qmv4selu.default/zotero/storage/44EAWH4H/Topel - 1990 - Specific capital, mobility, and wages Wages rise .pdf:application/pdf;Snapshot:/Users/Christian/Library/Application Support/Zotero/Profiles/qmv4selu.default/zotero/storage/QBBIAJ87/w3294.html:text/html}
}

@article{altonji_wages_1987,
	title = {Do wages rise with job seniority?},
	volume = {54},
	url = {http://restud.oxfordjournals.org/content/54/3/437.short},
	number = {3},
	urldate = {2016-12-28},
	journal = {The Review of Economic Studies},
	author = {Altonji, Joseph G. and Shakotko, Robert A.},
	year = {1987},
	pages = {437--459},
	file = {[PDF] stanford.edu:/Users/Christian/Library/Application Support/Zotero/Profiles/qmv4selu.default/zotero/storage/MWSAH5WZ/Altonji und Shakotko - 1987 - Do wages rise with job seniority.pdf:application/pdf;Snapshot:/Users/Christian/Library/Application Support/Zotero/Profiles/qmv4selu.default/zotero/storage/3M8T2Z7X/437.html:text/html}
}