
@book{gathmann_understanding_2004,
	title = {Understanding {Changes} in {Relative} {Wages} during {East} {Germany}’s {Transition}’},
	url = {http://www.iza.org/conference_files/iza_ebrd_2005/gathmann_c1455.pdf},
	urldate = {2016-12-27},
	publisher = {Stanford University},
	author = {Gathmann, Christina},
	year = {2004},
	file = {[PDF] iza.org:/Users/Christian/Library/Application Support/Zotero/Profiles/qmv4selu.default/zotero/storage/CN5QB358/Gathmann - 2004 - Understanding Changes in Relative Wages during Eas.pdf:application/pdf}
}

@article{orlowski_east_2009,
	title = {The {East} {German} wage structure after transition1},
	volume = {17},
	url = {http://onlinelibrary.wiley.com/doi/10.1111/j.1468-0351.2009.00367.x/full},
	number = {4},
	urldate = {2016-12-27},
	journal = {Economics of Transition},
	author = {Orlowski, Robert and Riphahn, Regina T.},
	year = {2009},
	pages = {629--659},
	file = {[PDF] psu.edu:/Users/Christian/Library/Application Support/Zotero/Profiles/qmv4selu.default/zotero/storage/37J6DAKP/Orlowski und Riphahn - 2009 - The East German wage structure after transition1.pdf:application/pdf;Snapshot:/Users/Christian/Library/Application Support/Zotero/Profiles/qmv4selu.default/zotero/storage/36SI4BFW/full.html:text/html}
}

@article{vortmann_zur_2013,
	title = {Zur {Entwicklung} der {Preisniveaus} in {Ost}-und {Westdeutschland}},
	url = {https://www.researchgate.net/profile/Jan_Goebel/publication/256050760_Zur_Entwicklung_Der_Preisniveaus_in_Ost-_Und_Westdeutschland_Zugleich_Eine_Dokumentation_Verschiedener_Preisniveau-Zeitreihen_Fr_Das_Geteilte_Und_Fr_Das_Vereinigte_Deutschland_(Development_of_the_Price_Level_in_East_and_West_Germany_Documentation_of_Different_Price_Level_Time_Series_for_Divided_and_Unified_Germany)/links/00463529efce644ba4000000.pdf},
	urldate = {2016-12-28},
	author = {Vortmann, Heinz and Goebel, Jan and Krause, Peter and Wagner, Gert G.},
	year = {2013},
	file = {[PDF] researchgate.net:/Users/Christian/Library/Application Support/Zotero/Profiles/qmv4selu.default/zotero/storage/FM6U4XZ6/Vortmann et al. - 2013 - Zur Entwicklung der Preisniveaus in Ost-und Westde.pdf:application/pdf}
}

@techreport{topel_specific_1990,
	title = {Specific capital, mobility, and wages: {Wages} rise with job seniority},
	shorttitle = {Specific capital, mobility, and wages},
	url = {http://www.nber.org/papers/w3294},
	urldate = {2016-12-28},
	institution = {National Bureau of Economic Research},
	author = {Topel, Robert H.},
	year = {1990},
	file = {[PDF] free.fr:/Users/Christian/Library/Application Support/Zotero/Profiles/qmv4selu.default/zotero/storage/44EAWH4H/Topel - 1990 - Specific capital, mobility, and wages Wages rise .pdf:application/pdf;Snapshot:/Users/Christian/Library/Application Support/Zotero/Profiles/qmv4selu.default/zotero/storage/QBBIAJ87/w3294.html:text/html}
}

@article{altonji_wages_1987,
	title = {Do wages rise with job seniority?},
	volume = {54},
	url = {http://restud.oxfordjournals.org/content/54/3/437.short},
	number = {3},
	urldate = {2016-12-28},
	journal = {The Review of Economic Studies},
	author = {Altonji, Joseph G. and Shakotko, Robert A.},
	year = {1987},
	pages = {437--459},
	file = {[PDF] stanford.edu:/Users/Christian/Library/Application Support/Zotero/Profiles/qmv4selu.default/zotero/storage/MWSAH5WZ/Altonji und Shakotko - 1987 - Do wages rise with job seniority.pdf:application/pdf;Snapshot:/Users/Christian/Library/Application Support/Zotero/Profiles/qmv4selu.default/zotero/storage/3M8T2Z7X/437.html:text/html}
}

@article{svejnar_labor_1999,
	title = {Labor markets in the transitional {Central} and {East} {European} economies},
	volume = {3},
	url = {http://www.sciencedirect.com/science/article/pii/S1573446399300286},
	urldate = {2016-12-29},
	journal = {Handbook of labor economics},
	author = {Svejnar, Jan},
	year = {1999},
	pages = {2809--2857}
}

@article{fleisher_returns_2005,
	title = {Returns to skills and the speed of reforms: {Evidence} from {Central} and {Eastern} {Europe}, {China}, and {Russia}},
	volume = {33},
	shorttitle = {Returns to skills and the speed of reforms},
	url = {http://www.sciencedirect.com/science/article/pii/S0147596705000168},
	number = {2},
	urldate = {2016-12-29},
	journal = {Journal of Comparative Economics},
	author = {Fleisher, Belton M. and Sabirianova, Klara and Wang, Xiaojun},
	year = {2005},
	pages = {351--370},
	file = {[HTML] sciencedirect.com:/Users/Christian/Library/Application Support/Zotero/Profiles/qmv4selu.default/zotero/storage/KWQVEIX7/S0147596705000168.html:text/html}
}

@article{bird_wage_1994,
	title = {Wage effects of the move toward free markets in {East} {Germany}},
	volume = {47},
	number = {3},
	journal = {Industrial \& labor relations review},
	author = {Bird, Edward J. and Schwarze, Johannes and Wagner, Gert G.},
	year = {1994},
	pages = {390--400}
}

@article{gorzig_firm_2008,
	title = {Firm wage differentiation in {Eastern} {Germany} {A} non-parametric analysis of the wage spread},
	volume = {16},
	url = {http://onlinelibrary.wiley.com/doi/10.1111/j.1468-0351.2008.00311.x/full},
	number = {2},
	urldate = {2016-12-29},
	journal = {Economics of Transition},
	author = {Görzig, Bernd and Gornig, Martin and Werwatz, Axel},
	year = {2008},
	pages = {273--292},
	file = {[PDF] researchgate.net:/Users/Christian/Library/Application Support/Zotero/Profiles/qmv4selu.default/zotero/storage/CZEMR8CV/Görzig et al. - 2008 - Firm wage differentiation in Eastern Germany A non.pdf:application/pdf;Snapshot:/Users/Christian/Library/Application Support/Zotero/Profiles/qmv4selu.default/zotero/storage/NMVAZRAK/full.html:text/html}
}

@techreport{krueger_comparative_1992,
	title = {A comparative analysis of {East} and {West} {German} labor markets: before and after unification},
	shorttitle = {A comparative analysis of {East} and {West} {German} labor markets},
	url = {http://www.nber.org/papers/w4154},
	urldate = {2016-12-29},
	institution = {National Bureau of Economic Research},
	author = {Krueger, Alan B. and Pischke, Jorn-Steffen},
	year = {1992},
	file = {Snapshot:/Users/Christian/Library/Application Support/Zotero/Profiles/qmv4selu.default/zotero/storage/7DAX42RU/w4154.html:text/html}
}

@article{munich_returns_2005,
	title = {Returns to human capital under the communist wage grid and during the transition to a market economy},
	volume = {87},
	url = {http://www.mitpressjournals.org/doi/abs/10.1162/0034653053327559},
	number = {1},
	urldate = {2016-12-29},
	journal = {Review of Economics and Statistics},
	author = {Münich, Daniel and Svejnar, Jan and Terrell, Katherine},
	year = {2005},
	pages = {100--123},
	file = {[PDF] mitpressjournals.org:/Users/Christian/Library/Application Support/Zotero/Profiles/qmv4selu.default/zotero/storage/DNWBKE2A/Münich et al. - 2005 - Returns to human capital under the communist wage .pdf:application/pdf;Snapshot:/Users/Christian/Library/Application Support/Zotero/Profiles/qmv4selu.default/zotero/storage/HIBETZZ2/0034653053327559.html:text/html}
}

@book{burda_getting_1997,
	title = {Getting behind the {East}-{West} wage differential: {Theory} and evidence},
	shorttitle = {Getting behind the {East}-{West} wage differential},
	url = {http://citeseerx.ist.psu.edu/viewdoc/download?doi=10.1.1.45.5517&rep=rep1&type=pdf},
	urldate = {2016-12-29},
	publisher = {Citeseer},
	author = {Burda, Michael C. and Schmidt, Christoph M. and {others}},
	year = {1997},
	file = {[PDF] psu.edu:/Users/Christian/Library/Application Support/Zotero/Profiles/qmv4selu.default/zotero/storage/PZTAXTM7/Burda et al. - 1997 - Getting behind the East-West wage differential Th.pdf:application/pdf}
}

@article{jurajda_when_2007,
	title = {When do female occupations pay more?},
	volume = {35},
	url = {http://www.sciencedirect.com/science/article/pii/S014759670600062X},
	number = {1},
	urldate = {2016-12-29},
	journal = {Journal of Comparative Economics},
	author = {Jurajda, Štěpán and Harmgart, Heike},
	year = {2007},
	pages = {170--187},
	file = {[HTML] sciencedirect.com:/Users/Christian/Library/Application Support/Zotero/Profiles/qmv4selu.default/zotero/storage/3CZP8S3D/S014759670600062X.html:text/html}
}

@article{wagner_german_2007,
	title = {The {German} {Socio}-{Economic} {Panel} study ({SOEP})-evolution, scope and enhancements},
	url = {http://papers.ssrn.com/sol3/papers.cfm?abstract_id=1028709},
	urldate = {2016-12-30},
	author = {Wagner, Gert G. and Frick, Joachim R. and Schupp, Jürgen},
	year = {2007},
	file = {[PDF] researchgate.net:/Users/Christian/Library/Application Support/Zotero/Profiles/qmv4selu.default/zotero/storage/58Q8WM9F/Wagner et al. - 2007 - The German Socio-Economic Panel study (SOEP)-evolu.pdf:application/pdf;Snapshot:/Users/Christian/Library/Application Support/Zotero/Profiles/qmv4selu.default/zotero/storage/UKINKIV2/papers.html:text/html}
}